<?xml version="1.0" encoding="UTF-8"?>
<record xmlns="http://www.loc.gov/MARC21/slim" xmlns:xsi="http://www.w3.org/2001/XMLSchema-instance" xsi:schemaLocation="http://www.loc.gov/MARC21/slim http://www.loc.gov/standards/marcxml/schema/MARC21slim.xsd">
<leader>00000cam a2200277 a 4500</leader>
<controlfield tag="001">002008501</controlfield>
<controlfield tag="003">NNU</controlfield>
<controlfield tag="005">20131219161255.0</controlfield>
<controlfield tag="008">920227s1973    ir       b    000 0 ara d</controlfield>
<datafield tag="035" ind1="9" ind2=" ">
<subfield code="a">NYUb10957581</subfield>
</datafield>
<datafield tag="035" ind1=" " ind2=" ">
<subfield code="a">(CStRLIN)NYUG92-B10128</subfield>
</datafield>
<datafield tag="035" ind1=" " ind2=" ">
<subfield code="a">GLIS009575810</subfield>
</datafield>
<datafield tag="040" ind1=" " ind2=" ">
<subfield code="a">NjP</subfield>
<subfield code="c">NjP</subfield>
<subfield code="d">NNU</subfield>
</datafield>
<datafield tag="050" ind1=" " ind2="4">
<subfield code="a">BP173.4</subfield>
<subfield code="b">.K35 1973</subfield>
</datafield>
<datafield tag="090" ind1=" " ind2=" ">
<subfield code="i">06/08/92 CT</subfield>
</datafield>
<datafield tag="100" ind1="1" ind2=" ">
<subfield code="a">Karakī, Ḥasan ibn ʻAlī,</subfield>
<subfield code="d">16th cent.</subfield>
</datafield>
<datafield tag="245" ind1="1" ind2="0">
<subfield code="a">Aṭāʼib al-kalim fī bayān ṣilat al-raḥim /</subfield>
<subfield code="c">Ḥasan ibn ʻAlī ibn ʻAbd al-ʻAlī al-Karakī al-ʻĀmilī ; iʻdād Aḥmad al-Ḥusaynī.</subfield>
</datafield>
<datafield tag="250" ind1=" " ind2=" ">
<subfield code="a">al-Ṭabʻah 1.</subfield>
</datafield>
<datafield tag="260" ind1=" " ind2=" ">
<subfield code="a">[Qum] :</subfield>
<subfield code="b">Maktabat Āyat Allāh al-Marʻashī al-ʻĀmmah,</subfield>
<subfield code="c">1394 [1973 or 1974]</subfield>
</datafield>
<datafield tag="300" ind1=" " ind2=" ">
<subfield code="a">47 p. ;</subfield>
<subfield code="c">24 cm.</subfield>
</datafield>
<datafield tag="490" ind1="1" ind2=" ">
<subfield code="a">Min makhṭūṭāt Maktabat Āyat Allāh al-Marʻashī al-ʻĀmmah ;</subfield>
<subfield code="v">1</subfield>
</datafield>
<datafield tag="504" ind1=" " ind2=" ">
<subfield code="a">Includes bibliographical references.</subfield>
</datafield>
<datafield tag="650" ind1=" " ind2="0">
<subfield code="a">Kinship (Islamic law)</subfield>
<subfield code="v">Early works to 1800.</subfield>
</datafield>
<datafield tag="700" ind1="1" ind2=" ">
<subfield code="a">Ḥusaynī, Aḥmad.</subfield>
</datafield>
<datafield tag="830" ind1=" " ind2="0">
<subfield code="a">Min makhṭūṭāt Maktabat Āyat Allāh al-Marʻashī al-ʻĀmmah ;</subfield>
<subfield code="v">1.</subfield>
</datafield>
<datafield tag="OWN" ind1=" " ind2=" ">
<subfield code="a">GENERAL</subfield>
</datafield>
<datafield tag="AVA" ind1=" " ind2=" ">
<subfield code="a">NYU50</subfield>
<subfield code="b">BOBST</subfield>
<subfield code="c">Main Collection</subfield>
<subfield code="d">BP173.4 .K35 1973</subfield>
<subfield code="e">unavailable</subfield>
<subfield code="t">Unavailable</subfield>
<subfield code="f">1</subfield>
<subfield code="g">1</subfield>
<subfield code="h">N</subfield>
<subfield code="i">0</subfield>
<subfield code="j">MAIN</subfield>
<subfield code="k">0</subfield>
</datafield>
</record>
